<collection xmlns='http://www.loc.gov/MARC21/slim' xmlns:xsi='http://www.w3.org/2001/XMLSchema-instance' xsi:schemaLocation='http://www.loc.gov/standards/marcxml/schema/MARC21slim.xsd'>
  <record xmlns="http://www.loc.gov/MARC21/slim">
    <leader>00000ctm a2200000Ia 4500</leader>
    <controlfield tag="001">on1091900459</controlfield>
    <controlfield tag="008">190408s1722    tu a          000 0 ota d</controlfield>
    <datafield tag="040" ind1=" " ind2=" ">
      <subfield code="a">PLF</subfield>
      <subfield code="b">eng</subfield>
      <subfield code="e">amremm</subfield>
      <subfield code="c">PLF</subfield>
      <subfield code="d">PLF</subfield>
    </datafield>
    <datafield tag="035" ind1=" " ind2=" ">
      <subfield code="a">(PLF)2450063</subfield>
    </datafield>
    <datafield tag="099" ind1=" " ind2=" ">
      <subfield code="a">Lewis O 93</subfield>
    </datafield>
    <datafield tag="049" ind1=" " ind2=" ">
      <subfield code="a">PLFF</subfield>
    </datafield>
    <datafield tag="100" ind1="0" ind2=" ">
      <subfield code="6">880-01</subfield>
      <subfield code="a">Selânikî Mustafa Efendi,</subfield>
      <subfield code="d">-1600?</subfield>
    </datafield>
    <datafield tag="245" ind1="1" ind2="0">
      <subfield code="6">880-02</subfield>
      <subfield code="a">Tārīkh-i Salānīkī.</subfield>
    </datafield>
    <datafield tag="246" ind1="3" ind2=" ">
      <subfield code="a">Tārīkh-i Selānīkī</subfield>
    </datafield>
    <datafield tag="246" ind1="3" ind2=" ">
      <subfield code="a">Tarih-i Selânikî</subfield>
    </datafield>
    <datafield tag="260" ind1=" " ind2=" ">
      <subfield code="a">[Turkey],</subfield>
      <subfield code="c">1134 A.H. (1722)</subfield>
    </datafield>
    <datafield tag="300" ind1=" " ind2=" ">
      <subfield code="a">400 leaves :</subfield>
      <subfield code="b">paper, illuminations ;</subfield>
      <subfield code="c">277 x 150 (195 x 76) mm bound to 277 x 161 mm.</subfield>
    </datafield>
    <datafield tag="500" ind1=" " ind2=" ">
      <subfield code="a">Ms. codex.</subfield>
    </datafield>
    <datafield tag="520" ind1=" " ind2=" ">
      <subfield code="a">Copy of a history of the years 971 to 1008 A.H. (1563-1599 C.E.) in Turkey, covering the end of the reign of Süleyman I, the entire reigns of Selim II and Murad III, and the first five years of Mehmed III.</subfield>
    </datafield>
    <datafield tag="546" ind1=" " ind2=" ">
      <subfield code="a">Ottoman Turkish.</subfield>
    </datafield>
    <datafield tag="500" ind1=" " ind2=" ">
      <subfield code="a">Title from bottom edge.</subfield>
    </datafield>
    <datafield tag="510" ind1="4" ind2=" ">
      <subfield code="a">Simsar, Muhammed Ahmed. Oriental manuscripts of the John Frederick Lewis Collection,</subfield>
      <subfield code="c">93.</subfield>
    </datafield>
    <datafield tag="500" ind1=" " ind2=" ">
      <subfield code="a">Foliation: Modern foliation added in pencil, upper left recto; catchwords every verso, lower left.</subfield>
    </datafield>
    <datafield tag="500" ind1=" " ind2=" ">
      <subfield code="a">Layout: 25 long lines; border-ruled. Occasional passages of poetry in two or three columns divided by gold rules.</subfield>
    </datafield>
    <datafield tag="500" ind1=" " ind2=" ">
      <subfield code="a">Script: Written in neat nastaʻliq in black ink; pointed.</subfield>
    </datafield>
    <datafield tag="500" ind1=" " ind2=" ">
      <subfield code="a">Decoration: Illuminated six-pointed star inside gold medallion (f. 1r); illuminated headpiece in gold, blue and red (f. 1v, 401v); illuminated text dividers (f. 158v, 221r); fill of pink flowers in empty, ruled textblock (f. 401v-402r). Textblock border-ruled in gold and black; headings centered and framed in gold rules; rubrications in red and gold.</subfield>
    </datafield>
    <datafield tag="500" ind1=" " ind2=" ">
      <subfield code="a">Binding: Lacquered red leather over pasteboard with flap (Type II) with painted floral decorations in gold and colors on a shimmering brown field; pastedowns and flap lining of floral woven green silk with woven gold flowers.</subfield>
    </datafield>
    <datafield tag="500" ind1=" " ind2=" ">
      <subfield code="a">Origin: Copied in Rabīʻ al-Ākhir 1134 A.H. (1722) by Muḥammad ibn ʻAbd Allāh on the order of Ibrāhīm Pashā, the son-in-law and grand vizier of Sulṭān Aḥmet III (f. 401r)</subfield>
    </datafield>
    <datafield tag="541" ind1="1" ind2=" ">
      <subfield code="a">Gift of Anne Baker Lewis in 1933.</subfield>
    </datafield>
    <datafield tag="561" ind1="1" ind2=" ">
      <subfield code="a">Formerly owned by Clarence H. Clark (bookplate first flyleaf recto).</subfield>
    </datafield>
    <datafield tag="561" ind1="1" ind2=" ">
      <subfield code="a">Sold at the Clarence H. Clark sale by Stan V. Henkels at the Samuel T. Freeman &amp; Co. book auction rooms on November 30, 1909, lot 189 (catalog clipping pasted onto first flyleaf recto).</subfield>
    </datafield>
    <datafield tag="561" ind1="1" ind2=" ">
      <subfield code="a">Formerly owned by John Frederick Lewis (bookplate first flyleaf recto).</subfield>
    </datafield>
    <datafield tag="651" ind1=" " ind2="0">
      <subfield code="a">Turkey</subfield>
      <subfield code="x">History</subfield>
      <subfield code="y">1453-1683</subfield>
      <subfield code="v">Early works to 1800.</subfield>
    </datafield>
    <datafield tag="651" ind1=" " ind2="0">
      <subfield code="a">Turkey</subfield>
      <subfield code="x">History</subfield>
      <subfield code="y">16th century</subfield>
      <subfield code="v">Early works to 1800.</subfield>
    </datafield>
    <datafield tag="655" ind1=" " ind2="0">
      <subfield code="a">Manuscripts, Turkish</subfield>
      <subfield code="y">18th century.</subfield>
    </datafield>
    <datafield tag="655" ind1=" " ind2="0">
      <subfield code="a">Manuscripts, Oriental</subfield>
      <subfield code="y">18th century.</subfield>
    </datafield>
    <datafield tag="655" ind1=" " ind2="7">
      <subfield code="a">Codices (bound manuscripts)</subfield>
      <subfield code="2">aat</subfield>
    </datafield>
    <datafield tag="655" ind1=" " ind2="7">
      <subfield code="a">Illuminations (painting).</subfield>
      <subfield code="2">aat</subfield>
    </datafield>
    <datafield tag="700" ind1="0" ind2=" ">
      <subfield code="6">880-03</subfield>
      <subfield code="a">Muḥammad ibn ʻAbd Allāh,</subfield>
      <subfield code="d">active 1722,</subfield>
      <subfield code="e">scribe.</subfield>
    </datafield>
    <datafield tag="700" ind1="1" ind2=" ">
      <subfield code="a">Clark, Clarence H.</subfield>
      <subfield code="q">(Clarence Howard),</subfield>
      <subfield code="d">1833-1906,</subfield>
      <subfield code="e">former owner.</subfield>
    </datafield>
    <datafield tag="700" ind1="1" ind2=" ">
      <subfield code="a">Lewis, John Frederick,</subfield>
      <subfield code="d">1860-1932,</subfield>
      <subfield code="e">former owner.</subfield>
    </datafield>
    <datafield tag="700" ind1="1" ind2=" ">
      <subfield code="a">Lewis, Anne Baker,</subfield>
      <subfield code="d">1868-1937,</subfield>
      <subfield code="e">donor.</subfield>
    </datafield>
    <datafield tag="710" ind1="2" ind2=" ">
      <subfield code="a">Samuel T. Freeman &amp; Co.,</subfield>
      <subfield code="e">auctioneer.</subfield>
    </datafield>
    <datafield tag="710" ind1="2" ind2=" ">
      <subfield code="a">Stan. V. Henkels (Firm),</subfield>
      <subfield code="e">auctioneer.</subfield>
    </datafield>
    <datafield tag="710" ind1="2" ind2=" ">
      <subfield code="a">Free Library of Philadelphia.</subfield>
      <subfield code="b">Rare Book Department.</subfield>
      <subfield code="b">John Frederick Lewis Collection of Oriental Manuscripts.</subfield>
    </datafield>
    <datafield tag="852" ind1=" " ind2=" ">
      <subfield code="b">Rare Book Department</subfield>
      <subfield code="a">Free Library of Philadelphia</subfield>
      <subfield code="e">Philadelphia</subfield>
      <subfield code="u">https://know.freelibrary.org/Record/2450063</subfield>
    </datafield>
    <datafield tag="880" ind1="0" ind2=" ">
      <subfield code="6">100-01/(3/r</subfield>
      <subfield code="a">سلانيكى، مصطفى افندى،</subfield>
      <subfield code="d">-1600؟</subfield>
    </datafield>
    <datafield tag="880" ind1="1" ind2="0">
      <subfield code="6">245-02/(3/r</subfield>
      <subfield code="a">تاريخ سلانيکى.</subfield>
    </datafield>
    <datafield tag="880" ind1="0" ind2=" ">
      <subfield code="6">700-03/(3/r</subfield>
      <subfield code="a">محمد بن عبد الله،</subfield>
      <subfield code="d">active 1722.</subfield>
    </datafield>
    <datafield tag="066" ind1=" " ind2=" ">
      <subfield code="c">(3</subfield>
      <subfield code="c">(4</subfield>
    </datafield>
  </record></collection>